@article{nyquist1928,
  author   = {Nyquist, H.},
  journal  = {Transactions of the American Institute of Electrical Engineers},
  title    = {Certain Topics in Telegraph Transmission Theory},
  date     = {1928},
  keywords = {trusted},
}
@online{digilent2020,
	title        = {UART Interface in VHDL for Basys3 Board},
	organization = {digilent},
	date         = {2020-11-02},
	urldate      = {2022-03-05},
	url          = {https://projects.digilentinc.com/alexey-sudbin/uart-interface-in-vhdl-for-basys3-board-eef170},
	keywords     = {untrusted},
}
@online{wikipedia2022,
	title        = {Division Algorithm},
	organization = {Wikipedia},
	date         = {2022-02-28},
	urldate      = {2022-03-05},
	url          = {https://en.wikipedia.org/wiki/Division_algorithm},
	keywords     = {untrusted},
}
@Manual{digilent2016,
  title        = {Basys3^{TM} FPGA Board Manual},
  year         = {2016},
  number       = {Basys 3},
  note         = {},
  organization = {digilent},
  url          = {https://digilent.com/shop/pmod-da2-two-12-bit-d-a-outputs/},
}
@Manual{PmodDA2,
  title        = {PmodDA2^{TM} Reference Manual},
  year         = {2022},
  number       = {PmodDA2},
  note         = {},
  organization = {digilent},
  url          = {https://digilent.com/reference/programmable-logic/basys-3/reference-manual},
}
@Manual{DAC121S101,
  title        = {DAC121S101/-Q1 12-Bit Micro Power, RRO Digital-to-Analog Converter},
  year         = {2021},
  number       = {DAC121S101},
  note         = {},
  organization = {Texas Instruments},
  url          = {https://www.ti.com/lit/ds/symlink/dac121s101.pdf},
}